<?xml version="1.0" encoding="UTF-8"?><collection xmlns="http://www.loc.gov/MARC21/slim"><record><leader>00452nam--2200145-i-4500</leader><controlfield tag="001">000003452</controlfield><controlfield tag="002">20161230</controlfield><controlfield tag="005">20170208001415</controlfield><controlfield tag="008">060222s1000------------r-----000-0-eng-d</controlfield><datafield ind1=" " ind2=" " tag="100"><subfield code="a">Brdicka, Miroslav</subfield></datafield><datafield ind1=" " ind2=" " tag="245"><subfield code="a">The reflexion of light from galss with a natur al transparent inhomogeneous surfacelayer</subfield></datafield><datafield ind1=" " ind2=" " tag="260"><subfield code="a">/Praha</subfield><subfield code="b">Acad.Tcheque Des Scien</subfield><subfield code="c">1948</subfield></datafield><datafield ind1=" " ind2=" " tag="300"><subfield code="a">9 </subfield></datafield><datafield ind1=" " ind2=" " tag="490"><subfield code="a">Rozpravy Ii. Tridy Ceske Akademie, 49</subfield></datafield><datafield ind1=" " ind2=" " tag="CAT"><subfield code="a">SYS</subfield><subfield code="c">20170208</subfield><subfield code="h">001415</subfield></datafield></record></collection>